@article{RN38,
   author = {Buffet, A. and Rothkirch, A. and Dohrmann, R. and Korstgens, V. and Abul Kashem, M. M. and Perlich, J. and Herzog, G. and Schwartzkopf, M. and Gehrke, R. and Muller-Buschbaum, P. and Roth, S. V.},
   title = {P03, the microfocus and nanofocus X-ray scattering (MiNaXS) beamline of the PETRA III storage ring: the microfocus endstation},
   journal = {J Synchrotron Radiat},
   volume = {19},
   number = {Pt 4},
   pages = {647-53},
   ISSN = {1600-5775 (Electronic)
0909-0495 (Linking)},
   DOI = {10.1107/S0909049512016895},
   url = {https://www.ncbi.nlm.nih.gov/pubmed/22713902},
   year = {2012},
   type = {Journal Article}
}

@book{RN54,
   author = {M.Kakudo, N.Kasai},
   title = {X-ray Diffraction by Macromolecules},
   type = {Book}
}

@book{RN7,
   author = {N.Striback},
   title = {X-Ray Scattering of Soft Matter},
   year = {2007},
   type = {Book}
}

@article{RN102,
   author = {Zeng, Jianrong and Bian, Fenggang and Wang, Jie and Li, Xiuhong and Wang, Yuzhu and Tian, Feng and Zhou, Ping},
   title = {Performance on absolute scattering intensity calibration and protein molecular weight determination at BL16B1, a dedicated SAXS beamline at SSRF},
   journal = {Journal of Synchrotron Radiation},
   volume = {24},
   number = {2},
   pages = {509-520},
   ISSN = {1600-5775},
   DOI = {10.1107/s1600577516019135},
   year = {2017},
   type = {Journal Article}
}
@article{RN38,
   author = {Buffet, A. and Rothkirch, A. and Dohrmann, R. and Korstgens, V. and Abul Kashem, M. M. and Perlich, J. and Herzog, G. and Schwartzkopf, M. and Gehrke, R. and Muller-Buschbaum, P. and Roth, S. V.},
   title = {P03, the microfocus and nanofocus X-ray scattering (MiNaXS) beamline of the PETRA III storage ring: the microfocus endstation},
   journal = {J Synchrotron Radiat},
   volume = {19},
   number = {Pt 4},
   pages = {647-53},
   ISSN = {1600-5775 (Electronic)
0909-0495 (Linking)},
   DOI = {10.1107/S0909049512016895},
   url = {https://www.ncbi.nlm.nih.gov/pubmed/22713902},
   year = {2012},
   type = {Journal Article}
}

@article{RN43,
   author = {Huang, X. and Yan, H. and Nazaretski, E. and Conley, R. and Bouet, N. and Zhou, J. and Lauer, K. and Li, L. and Eom, D. and Legnini, D. and Harder, R. and Robinson, I. K. and Chu, Y. S.},
   title = {11 nm hard X-ray focus from a large-aperture multilayer Laue lens},
   journal = {Sci Rep},
   volume = {3},
   pages = {3562},
   ISSN = {2045-2322 (Electronic)
2045-2322 (Linking)},
   DOI = {10.1038/srep03562},
   url = {https://www.ncbi.nlm.nih.gov/pubmed/24356395},
   year = {2013},
   type = {Journal Article}
}

@article{RN40,
   author = {Kim, Kwang-Je and Shvyd’ko, Yuri V.},
   title = {Tunable optical cavity for an x-ray free-electron-laser oscillator},
   journal = {Physical Review Special Topics - Accelerators and Beams},
   volume = {12},
   number = {3},
   ISSN = {1098-4402},
   DOI = {10.1103/PhysRevSTAB.12.030703},
   year = {2009},
   type = {Journal Article}
}

@book{RN54,
   author = {M.Kakudo, N.Kasai},
   title = {X-ray Diffraction by Macromolecules},
   type = {Book}
}

@book{RN53,
   author = {Max Born, Emil Wolt},
   title = {Principle of Optics 7th edition book1},
   year = {2004},
   type = {Book}
}

@book{RN55,
   author = {Max Born, Emil Wolt},
   title = {Principle of Optics 7th edition book2},
   year = {2004},
   type = {Book}
}

@book{RN7,
   author = {N.Striback},
   title = {X-Ray Scattering of Soft Matter},
   year = {2007},
   type = {Book}
}

@article{RN42,
   author = {Riekel, Christian and Burghammer, Manfred and Davies, Richard},
   title = {Progress in micro- and nano-diffraction at the ESRF ID13 beamline},
   journal = {IOP Conference Series: Materials Science and Engineering},
   volume = {14},
   ISSN = {1757-899X},
   DOI = {10.1088/1757-899x/14/1/012013},
   year = {2010},
   type = {Journal Article}
}

@article{RN102,
   author = {Zeng, Jianrong and Bian, Fenggang and Wang, Jie and Li, Xiuhong and Wang, Yuzhu and Tian, Feng and Zhou, Ping},
   title = {Performance on absolute scattering intensity calibration and protein molecular weight determination at BL16B1, a dedicated SAXS beamline at SSRF},
   journal = {Journal of Synchrotron Radiation},
   volume = {24},
   number = {2},
   pages = {509-520},
   ISSN = {1600-5775},
   DOI = {10.1107/s1600577516019135},
   year = {2017},
   type = {Journal Article}
}

@article{RN21,
   author = {黄承超},
   title = {The development and application of compound refractive lenses},
   year = {2008},
   type = {Journal Article}
}

@book{RN49,
   author = {钱世雄, 王恭明},
   title = {非线性光学},
   type = {Book}
}

@article{RN20,
   author = {钟长游 , 汪启胜，刘 科，张坤浩，何建华},
   title = {BL17U 短波长 X 射线聚焦方案优化},
   DOI = {10.11889/j.0253-3219.2018.hjs.41.050102},
   year = {2018},
   type = {Journal Article}
}

@misc{RN46,
   type = {Multimedia Application}
}
@article{RN4,
   author = {Arzhakova, O. V. and Dolgova, A. A. and Volynskii, A. L.},
   title = {Mesoporous and Nanocomposite Fibrous Materials Based on Poly(ethylene terephthalate) Fibers with High Craze Density via Environmental Crazing: Preparation, Structure, and Applied Properties},
   journal = {ACS Appl Mater Interfaces},
   volume = {11},
   number = {20},
   pages = {18701-18710},
   ISSN = {1944-8252 (Electronic)
1944-8244 (Linking)},
   DOI = {10.1021/acsami.9b02570},
   url = {https://www.ncbi.nlm.nih.gov/pubmed/31038913},
   year = {2019},
   type = {Journal Article}
}

@article{RN3,
   author = {Caitlyn M. Clarkson,  Sami M. El Awad Azrak,  Reaz Chowdhury, Shoumya Nandy Shuvo, and James Snyder, Gregory Schueneman,  Volkan Ortalan, and Jerey P. Youngblood*,},
   title = {Melt Spinning of Cellulose Nanofbril/Polylactic Acid (CNF/PLA)
Composite Fibers For High Stress},
   journal = {ACS Applied Polymer Materials},
   year = {2018},
   type = {Journal Article}
}

@article{RN16,
   author = {Chen, Lu and Tuo, Xin-Lin and Fan, Xi-Chuan and Xie, Chun-Jie and Guo, Bao-Hua and Yu, Jian and Hu, Ping and Guo, Zhao-Xia},
   title = {Enhanced Mechanical Properties of Poly(arylene sulfide sulfone) Membrane by Co-electrospinning with Poly(m-xylene adipamide)},
   journal = {Chinese Journal of Polymer Science},
   ISSN = {0256-7679
1439-6203},
   DOI = {10.1007/s10118-019-2297-x},
   year = {2019},
   type = {Journal Article}
}

@article{RN12,
   author = {Geng, L. and Li, L. and Mi, H. and Chen, B. and Sharma, P. and Ma, H. and Hsiao, B. S. and Peng, X. and Kuang, T.},
   title = {Superior Impact Toughness and Excellent Storage Modulus of Poly(lactic acid) Foams Reinforced by Shish-Kebab Nanoporous Structure},
   journal = {ACS Appl Mater Interfaces},
   volume = {9},
   number = {25},
   pages = {21071-21076},
   ISSN = {1944-8252 (Electronic)
1944-8244 (Linking)},
   DOI = {10.1021/acsami.7b05127},
   url = {https://www.ncbi.nlm.nih.gov/pubmed/28594163},
   year = {2017},
   type = {Journal Article}
}

@article{RN26,
   author = {Kuang, Tairong and Chen, Feng and Chang, Lingqian and Zhao, Yanan and Fu, Dajiong and Gong, Xiao and Peng, Xiangfang},
   title = {Facile preparation of open-cellular porous poly ( l -lactic acid) scaffold by supercritical carbon dioxide foaming for potential tissue engineering applications},
   journal = {Chemical Engineering Journal},
   volume = {307},
   pages = {1017-1025},
   ISSN = {13858947},
   DOI = {10.1016/j.cej.2016.09.023},
   year = {2017},
   type = {Journal Article}
}

@article{RN35,
   author = {Li, T. and Senesi, A. J. and Lee, B.},
   title = {Small Angle X-ray Scattering for Nanoparticle Research},
   journal = {Chem Rev},
   volume = {116},
   number = {18},
   pages = {11128-80},
   ISSN = {1520-6890 (Electronic)
0009-2665 (Linking)},
   DOI = {10.1021/acs.chemrev.5b00690},
   url = {https://www.ncbi.nlm.nih.gov/pubmed/27054962},
   year = {2016},
   type = {Journal Article}
}

@article{RN13,
   author = {Li, Yang and Yang, Su and Li, Yu-Ke and Xu, Jia-Zhuang and Ni, Hai-Wei and Su, Zhi-Hong and Li, Zhong-Ming},
   title = {Robust Interfacial Cylindrites of Polylactic Acid Modulated by an Intense Shear Flow Field},
   journal = {ACS Sustainable Chemistry & Engineering},
   volume = {4},
   number = {6},
   pages = {3558-3566},
   ISSN = {2168-0485
2168-0485},
   DOI = {10.1021/acssuschemeng.6b00668},
   url = {https://pubs.acs.org/doi/10.1021/acssuschemeng.6b00668},
   year = {2016},
   type = {Journal Article}
}

@article{RN14,
   author = {Liang, Yuan-Ying and Xu, Jia-Zhuang and Li, Yang and Zhong, Gan-Ji and Wang, Ruyin and Li, Zhong-Ming},
   title = {Promoting Interfacial Transcrystallization in Polylactide/Ramie Fiber Composites by Utilizing Stereocomplex Crystals},
   journal = {ACS Sustainable Chemistry & Engineering},
   volume = {5},
   number = {8},
   pages = {7128-7136},
   ISSN = {2168-0485
2168-0485},
   DOI = {10.1021/acssuschemeng.7b01317},
   year = {2017},
   type = {Journal Article}
}

@article{RN98,
   author = {Lin, Weiyi and Shen, Hongyao and Xu, Guanhua and Zhang, Linchu and Fu, Jianzhong and Deng, Xiaolei},
   title = {Single-layer temperature-adjusting transition method to improve the bond strength of 3D-printed PCL/PLA parts},
   journal = {Composites Part A: Applied Science and Manufacturing},
   volume = {115},
   pages = {22-30},
   ISSN = {1359835X},
   DOI = {10.1016/j.compositesa.2018.09.008},
   year = {2018},
   type = {Journal Article}
}

@article{RN44,
   author = {Sun, Wen-Jing and Liu, Wei and Ren, Yue and Miao, Xiaran and Xu, Ling and Zhong, Gan-Ji and Lei, Jun and Bian, Fenggang and Xu, Jia-Zhuang and Li, Zhong-Ming},
   title = {Unique Banded Cylindrites of Polyoxymethylene/Poly(butylene succinate) Blends Induced by Interfacial Shear},
   journal = {ACS Applied Polymer Materials},
   volume = {1},
   number = {10},
   pages = {2741-2750},
   ISSN = {2637-6105
2637-6105},
   DOI = {10.1021/acsapm.9b00658},
   year = {2019},
   type = {Journal Article}
}

@article{RN2,
   author = {Yu Tian a, Caizhen Zhu},
   title = {Lamellae break induced formation of shish-kebab during hot stretching of ultra-high molecular weight polyethylene precursor fibers investigated by in situ small angle X-ray scattering},
   DOI = {10.1016/j.polymer.2014.06.056},
   year = {2014},
   type = {Journal Article}
}

@article{RN59,
   author = {Zhu, Bo and Wang, Yaming and Liu, Hao and Ying, Jin and Liu, Chuntai and Shen, Changyu},
   title = {Effects of interface interaction and microphase dispersion on the mechanical properties of PCL/PLA/MMT nanocomposites visualized by nanomechanical mapping},
   journal = {Composites Science and Technology},
   volume = {190},
   ISSN = {02663538},
   DOI = {10.1016/j.compscitech.2020.108048},
   year = {2020},
   type = {Journal Article}
}



